@online{6-1,
    title = {PACS-L: the public-access computer systems forum},
    type = {EB/OL},
    location = {Houston, TeX},
    publisher = {University of Houston Libraries},
    year = {1989},
 	url = {#},
    urldate = {1995-05-17},
    language = {english}
}

@periodical{3-2,
	author = {中国图书馆学会},
	title = {图书馆学通讯},
	type = {J},
	origdate = {1957/1990},
	note = {\textbf{1957}(1) -- \textbf{1990}(4)},
	location = {北京},
	publisher = {北京图书馆},
	language = {chinese},
}
