
@article{_latex_2003,
	title = {{英文科技论文的LaTeX排版}},
	issn = {1009-1939},
	url = {https://kns.cnki.net/KCMS/detail/detail.aspx?dbcode=CJFQ&dbname=CJFD2003&filename=YBSF200302007&uid=WEEvREcwSlJHSldRa1FhdXNzY2Z1OVZoUzRjb21Ub3NEY3A1UVJ3MHI0Yz0=$9A4hF_YAuvQ5obgVAqNKPCYcEjKensW4IQMovwHtwkF4VYPoHbKxJw!!&v=MjE3ODhIdExNclk5Rlk0UjhlWDFMdXhZUzdEaDFUM3FUcldNMUZyQ1VSN3FmWnVkdUZDamxWTDNJUEMvWWFMRzQ=},
	abstract = {LaTeX是普遍采用的通用英文科技出版物排版软件之一 ,国际英文物理学期刊无一例外都接受LaTeX格式的文稿 .在本文中 ,笔者结合自己使用LaTeX排版的一些经验 ,介绍了LaTeX排版软件基本命令的使用方法和技巧 .},
	language = {中文;},
	number = {02},
	urldate = {2020-01-11},
	journal = {雁北师范学院学报},
	author = {段, 麦英},
	year = {2003},
	keywords = {english science Papers, LaTeX typesetting software, LaTeX排版, methods and techniques, 方法和技巧, 英文科技论文},
	pages = {22--24},
	file = {Full Text PDF:/home/qhj/Zotero/storage/WXMJHP47/段 - 2003 - 英文科技论文的LaTeX排版.pdf:application/pdf}
}

@article{_latex_2012,
	title = {{LaTeX排版系统在英文学术期刊中的应用}},
	volume = {23},
	issn = {1001-7143},
	url = {https://kns.cnki.net/KCMS/detail/detail.aspx?dbcode=CJFQ&dbname=CJFD2012&filename=JYKQ201205036&uid=WEEvREcwSlJHSldRa1FhdXNzY2Z1OVZoUzRjb21Ub3NEY3A1UVJ3MHI0Yz0=$9A4hF_YAuvQ5obgVAqNKPCYcEjKensW4IQMovwHtwkF4VYPoHbKxJw!!&v=MDEwMTRqbFdyL01MelRBZjdHNEg5UE1xbzlHWW9SOGVYMUx1eFlTN0RoMVQzcVRyV00xRnJDVVI3cWZadWR1RkM=},
	abstract = {结合英文学术期刊使用LaTeX排版系统的工作经验,总结出一些使用该系统排版的心得体会。分析整理作者来稿中经常出现的问题,给出了解决的办法。同时给出我们在日常编辑工作中常用的宏包和模板,以及一些排版小技巧,与编辑同行交流。希望能对LaTeX初学者及正在使用LaTeX撰写论文的年轻作者有所帮助。},
	language = {中文;},
	number = {05},
	urldate = {2020-01-11},
	journal = {中国科技期刊研究},
	author = {温, 亚媛 and 赵, 景芝 and 李, 向华 and 谢, 冰蓉},
	year = {2012},
	keywords = {LaTeX, 技巧, 排版, 方法},
	pages = {825--830},
	file = {Full Text PDF:/home/qhj/Zotero/storage/YL87RURF/温 et al. - 2012 - LaTeX排版系统在英文学术期刊中的应用.pdf:application/pdf}
}

@article{_latex_2011,
	title = {{数学论文的LaTeX排版与全文上网}},
	volume = {10},
	issn = {1672-7800},
	url = {https://kns.cnki.net/KCMS/detail/detail.aspx?dbcode=CJFQ&dbname=CJFD2011&filename=RJDJ201101036&uid=WEEvREcwSlJHSldRa1FhdXNzY2Z1OVZoUzRjb21Ub3NEY3A1UVJ3MHI0Yz0=$9A4hF_YAuvQ5obgVAqNKPCYcEjKensW4IQMovwHtwkF4VYPoHbKxJw!!&v=Mjg1OTJUM3FUcldNMUZyQ1VSN3FmWnVkdUZDamxXcjNMTnlmUFpMRzRIOURNcm85R1lvUjhlWDFMdXhZUzdEaDE=},
	abstract = {LaTeX是一种格式化的排版系统,将它应用于数学论文的排版,可在较高层次上实现数学论文排版的美感。介绍了LaTeX的排版过程及其排版功能,探讨了数学论文全文上网的实现手段,并提供了切实可行的简便方法。},
	language = {中文;},
	number = {01},
	urldate = {2020-01-11},
	journal = {软件导刊(教育技术)},
	author = {纪, 宏伟},
	year = {2011},
	keywords = {Database, LaTeX, PDF Documents, PDF文档, Typesetting, 排版系统, 数据库},
	pages = {87--88},
	file = {Full Text PDF:/home/qhj/Zotero/storage/GD8N2MJC/纪 - 2011 - 数学论文的LaTeX排版与全文上网.pdf:application/pdf}
}

@article{_latex_2006,
	title = {用{LaTeX排版软件设计数学试卷}},
	issn = {1671-6396},
	url = {https://kns.cnki.net/KCMS/detail/detail.aspx?dbcode=CJFQ&dbname=CJFD2006&filename=XBKJ200625020&uid=WEEvREcwSlJHSldRa1FhdXNzY2Z1OVZoUzRjb21Ub3NEY3A1UVJ3MHI0Yz0=$9A4hF_YAuvQ5obgVAqNKPCYcEjKensW4IQMovwHtwkF4VYPoHbKxJw!!&v=MDcxMzh2S1BTL0FaTEc0SHRmT3FvOUhaSVI4ZVgxTHV4WVM3RGgxVDNxVHJXTTFGckNVUjdxZlp1ZHVGQ2psV3I=},
	abstract = {介绍了LaTeX排版软件编辑适合中高等院校教师使用的考试试卷模板的方法,使得试卷更加符合规范,减少数学教师的工作量,节约时间。印刷出来的试卷更加美观大方,条理清晰,便于学生作答。},
	language = {中文;},
	number = {25},
	urldate = {2020-01-11},
	journal = {中国西部科技},
	author = {林, 辉 and 杨, 昔阳},
	year = {2006},
	keywords = {LaTeX, 类文件, 试卷排版},
	pages = {29--30},
	file = {Full Text PDF:/home/qhj/Zotero/storage/JCC98JM2/林 and 杨 - 2006 - 用LaTeX排版软件设计数学试卷.pdf:application/pdf}
}

@article{_latex_2015,
	title = {{LaTeX排版书稿的编辑工作浅谈}},
	volume = {1},
	issn = {2096-0360},
	url = {https://kns.cnki.net/KCMS/detail/detail.aspx?dbcode=CJFQ&dbname=CJFDLAST2016&filename=XMTJ201519040&uid=WEEvREcwSlJHSldRa1FhdXNzY2Z1OVZoUzRjb21Ub3NEY3A1UVJ3MHI0Yz0=$9A4hF_YAuvQ5obgVAqNKPCYcEjKensW4IQMovwHtwkF4VYPoHbKxJw!!&v=MDY0MTZXNy9NUFNEZlpMRzRIOVROcG85QlpJUjhlWDFMdXhZUzdEaDFUM3FUcldNMUZyQ1VSN3FmWnVkdUZDamw=},
	abstract = {本文结合La Te X排版软件的特点,总结了以La Te X软件排出的出版物的常见错误和需要特别注意的问题,并探索了责任编辑在latex排版书稿的编辑加工和校对过程中的一些工作方法和技巧。笔者作为La Te X排版软件多年的使用者和接触者,积累了丰富的经验或是教训。撰写这篇文章的目的 ,是想将这些经验或教训与同行分享,希望能对大家的工作有所帮助。},
	language = {中文;},
	number = {19},
	urldate = {2020-01-11},
	journal = {新媒体研究},
	author = {刘, 啸},
	year = {2015},
	keywords = {La Te X, 校对, 编辑},
	pages = {64--66},
	file = {Full Text PDF:/home/qhj/Zotero/storage/99JSIWT9/刘 - 2015 - LaTeX排版书稿的编辑工作浅谈.pdf:application/pdf}
}

@article{_latex_2013,
	title = {{LaTex系统在新疆大学学报排版的应用与实践}},
	volume = {30},
	issn = {1000-2839},
	url = {https://kns.cnki.net/KCMS/detail/detail.aspx?dbcode=CJFQ&dbname=CJFDHIS2&filename=XJDZ201304021&uid=WEEvREcwSlJHSldRa1FhdXNzY2Z1OVZoUzRjb21Ub3NEY3A1UVJ3MHI0Yz0=$9A4hF_YAuvQ5obgVAqNKPCYcEjKensW4IQMovwHtwkF4VYPoHbKxJw!!&v=Mjk3NzQ5SFpZUjhlWDFMdXhZUzdEaDFUM3FUcldNMUZyQ1VSN3FmWnVkdUZDamxXN3JLUFNmUGRMRzRIOUxNcTQ=},
	abstract = {编辑手段的现代化是科技期刊发展的一个重要方面,将LaTex应用于科技期刊的排版,便于编辑实现编、排、校一体化.作者结合科技期刊使用LaTex排版系统的一点经验,给出了新疆大学学报(自然科学版)LaTex排版系统的简易模板,希望能对使用LaTex排版系统的作者有所帮助.},
	language = {中文;},
	number = {04},
	urldate = {2020-01-11},
	journal = {新疆大学学报(自然科学版)},
	author = {赵, 新科},
	year = {2013},
	keywords = {Academic journals, LaTex typesetting system, LaTex排版系统, Template, 模板, 科技期刊},
	pages = {497--499},
	file = {Full Text PDF:/home/qhj/Zotero/storage/HNYQ4FU9/赵 - 2013 - LaTex系统在新疆大学学报排版的应用与实践.pdf:application/pdf}
}