@book{latexMath2,
author = {Gr{\"a}tzer, George},
publisher = {Birkh{\"a}user},
year = {2000},
month = {June},
address = {Boston},
title = {Math into {{\LaTeX}}},
edition = {Third}
}